 % Edwards-etal:2012ymr,
@article{ehs12,
  author       = {A. M. Edwards and R. Haigh and P. J. Starr},
  year         = {2012},
  title        = {Stock assessment and recovery potential assessment for {{Y}}ellowmouth {{R}}ockfish (\emph{Sebastes reedi}) along the {{P}}acific coast of {{C}}anada},
  fulljournal      = {Fisheries and Oceans Canada. Canadian Science Advisory Secretariat Research Document},
  journal   = {DFO Can. Sci. Advis. Sec. Res. Doc.},
  volume       = {2012/095},
  pages        = {iv + 188~p}
}
%   URL          = {http://www.dfo-mpo.gc.ca/csas-sccs/Publications/ResDocs-DocRech/2012/2012\_095-eng.html}
% Can't get _ to work properly in clickable .pdf.

% Edwards-etal:20133CD,
@article{ehs14area3CD,
  author       = {A. M. Edwards and R. Haigh and P. J. Starr},
  year         = {2014},
  title        = {{{P}}acific {{O}}cean {{P}}erch (\emph{Sebastes alutus}) stock assessment for the west coast of {{V}}ancouver {{I}}sland, {{B}}ritish {{C}}olumbia},
  fulljournal      = {Fisheries and Oceans Canada. Canadian Science Advisory Secretariat Research Document},
  journal   = {DFO Can. Sci. Advis. Sec. Res. Doc.},
  volume    = {2013/093},
  pages     = {vi + 135~p}
}
%  URL          = {http://www.dfo-mpo.gc.ca/csas-sccs/Publications/ResDocs-DocRech/2013/2013\_***-eng.html}

% Edwards-etal:20135DE,
@article{ehs14area5DE,
  author       = {A. M. Edwards and R. Haigh and P. J. Starr},
  year         = {2014},
  title        = {Pacific {{O}}cean {{P}}erch (\emph{Sebastes alutus}) stock assessment for the north and west coasts of {{H}}aida {{G}}waii, {{B}}ritish {{C}}olumbia},
  fulljournal      = {Fisheries and Oceans Canada. Canadian Science Advisory Secretariat Research Document},
  journal   = {DFO Can. Sci. Advis. Sec. Res. Doc.},
  volume    = {2013/092},
  pages     = {vi + 126~p}
}
%  URL          = {http://www.dfo-mpo.gc.ca/csas-sccs/Publications/ResDocs-DocRech/2013/2013\_***-eng.html}

% Edwards-etal:2012pop,
@article{esh12,
  author       = {A. M. Edwards and P. J. Starr and R. Haigh},
  year         = {2012},
  title        = {Stock assessment for {{P}}acific ocean perch (\emph{Sebastes alutus}) in {{Q}}ueen {C}harlotte {{S}}ound, {{B}}ritish {{C}}olumbia},
  fulljournal      = {Fisheries and Oceans Canada. Canadian Science Advisory Secretariat Research Document},
  journal   = {DFO Can. Sci. Advis. Sec. Res. Doc.},
  volume       = {2011/111},
  pages        = {viii + 172~p}
}
%  URL          = {http://www.dfo-mpo.gc.ca/csas-sccs/Publications/ResDocs-DocRech/2011/2011\_111-eng.html}
